<?xml version="1.0" encoding="UTF-8"?><collection xmlns="http://www.loc.gov/MARC21/slim"><record><leader>00352nam--2200121-i-4500</leader><controlfield tag="001">000018154</controlfield><controlfield tag="002">20161230</controlfield><controlfield tag="005">20161230201032</controlfield><controlfield tag="008">060222s1000------------r-----000-0-eng-d</controlfield><datafield ind1=" " ind2=" " tag="080"><subfield code="a">621.873(083.13)</subfield></datafield><datafield ind1=" " ind2=" " tag="245"><subfield code="a">Conditii tehnice pentru folosirea si intretinerea macaralei tip b-15</subfield></datafield><datafield ind1=" " ind2=" " tag="260"><subfield code="a">Bucuresti, Editura Tehnica, /1957/. 25 P.+ Erata</subfield></datafield><datafield ind1=" " ind2=" " tag="852"><subfield code="a">5317</subfield></datafield></record></collection>